% Encoding: UTF-8

@book{Knuth1998,
 author = {Knuth, Donald E.},
 title = {The art of computer programming,  volume 3: (2nd ed.) sorting and searching},
 year = {1998},
 publisher = {Addison Wesley Longman Publishing Co., Inc.},
 address = {Redwood City, CA, USA}
}

@book{Pollefliet2011,
  author = {Pollefliet, Leen},
  title = {Schrijven van verslag tot eindwerk: do's en don'ts},
  year = {2011},
  publisher = {Academia Press},
  address = {Gent}
}

@article{Creeger2009,
  author = {Creeger, Mache},
  journal = {Communications of the ACM},
  number = {8},
  pages = {50--56},
  title = {{CTO Roundtable: Cloud Computing}},
  volume = {52},
  year = {2009}
}

@Article{Ghassan2012,
  author       = {Ghassan A., Mahamod I., Kasmiran J.},
  date         = {2012},
  journaltitle = {International Journal of Computer Networks and Wireless Communications},
  title        = {The Evolution to 4G Cellular Systems: Architecture and Key Features of LTE-Advanced Networks},
}

@Online{Jones2021,
  author = {Dan Jones},
  date   = {2021-04-01},
  editor = {C. Bernstein},
  title  = {Radio access network},
  url    = {https://www.techtarget.com/searchnetworking/definition/radio-access-network-RAN},
}

@Article{Richard2021,
  author       = {Jonathan Richard},
  date         = {2021-02-06},
  journaltitle = {HackMD},
  title        = {Learning the fundamentals: 4G LTE Systems},
  url          = {https://hackmd.io/@jonathanrichard/S1geBs-g_},
}

@Article{Volle2024,
  author       = {Adam Volle},
  date         = {2024-06-26},
  journaltitle = {Britannica},
  title        = {long term evolution},
}

@Comment{jabref-meta: databaseType:biblatex;}
