% Encoding: UTF-8

@Article{Dux2023,
  author       = {Dux},
  date         = {2023-09-26},
  journaltitle = {Mobile Europe},
  title        = {Private mobile network deployment still growing but LTE rules over 5G},
  url          = {https://www.mobileeurope.co.uk/private-mobile-network-deployments-still-growing-but-lte-rules-over-5g/},
}

@Article{Cassauwers2019,
  author       = {Cassauwers},
  date         = {2019-04-09},
  journaltitle = {Bloovi},
  title        = {De amper bekende eerste Belgische 5G-operator: 'Als onze bedrijven geen toegang krijgen tot 5G, dan kunnen we die wel eens verliezen'},
  url          = {https://www.bloovi.be/artikels/stories/2019/van-camping-wifi-naar-eerste-belgische-5g-operator-deze-brugse-scale-up-wil-de-vierde-mobiele-operator-op-de-b2b-markt-worden},
}

@Article{Bai2024,
  author   = {Bai, Jie and Zhao, Xunwei and Wang, Zhigang and Wang, Dan and Zhang, Lingzhi and Zhang, Chunling and Wu, Qing},
  title    = {An Comprehensive Overview of Electric Power Wireless Private Network: System Design, Key Technologies, and Future Directions},
  doi      = {10.1109/ACCESS.2024.3381513},
  pages    = {45674-45692},
  volume   = {12},
  journal  = {IEEE Access},
  keywords = {Business;Security;Power systems;Wireless sensor networks;Wireless communication;Reliability;Monitoring;Charge carrier processes;Cellular networks;EP-WPN;system design;massive discrete carrier aggregation;future},
  year     = {2024},
}

@Article{Aijaz2020,
  author   = {Aijaz, Adnan},
  title    = {Private 5G: The Future of Industrial Wireless},
  doi      = {10.1109/MIE.2020.3004975},
  number   = {4},
  pages    = {136-145},
  volume   = {14},
  journal  = {IEEE Industrial Electronics Magazine},
  keywords = {Wireless communication;Technological innovation;5G mobile communication;Network slicing;Ecosystems;Standardization;Resource management},
  year     = {2020},
}

@TechReport{Palat2011,
  author      = {Palat, Sudeep and Godin, Philippe},
  date        = {2011-06-22},
  institution = {Alcatel-Lucent},
  title       = {Strategic white paper: The LTE Network Architecture},
  url         = {https://rintintin.colorado.edu/~gifford/5830-AWL/LTE_Alcatel_White_Paper.pdf},
}

@Legislation{2024EuLeg,
  date     = {2024-02-21},
  location = {Brussels, Belgium},
  title    = {How to master Europe's digital infrastructure needs?},
  url      = {https://digital-strategy.ec.europa.eu/en/library/white-paper-how-master-europes-digital-infrastructure-needs},
}

@Article{Trick2022,
  author       = {Trick, Christopher},
  date         = {2022-11-07},
  journaltitle = {Trenton Systems},
  title        = {Licensed vs Unlicensed Spectrum: Key Differences and 5G Use Cases},
  url          = {https://www.trentonsystems.com/en-us/resource-hub/blog/licensed-vs-unlicensed-spectrum},
}

@TechReport{2024Digi,
  date        = {2024-05-10},
  institution = {Digi},
  title       = {Private Cellular Networks: Spectrum, Architecture and Use Cases},
}

@Article{David2024,
  author       = {David, Jacobs},
  date         = {2024-02-06},
  journaltitle = {TechTarget},
  title        = {Private LTE vs. Wifi: What is the difference?},
  url          = {https://www.techtarget.com/searchnetworking/tip/Private-LTE-vs-Wi-Fi-Whats-the-difference},
}

@Comment{jabref-meta: databaseType:biblatex;}
